<record><leader>00000cas a22000007a 4500</leader><controlfield tag="001">19985786</controlfield><controlfield tag="008">890710u1927uuuupr uu ne      0    0spa d</controlfield><datafield ind1=" " ind2=" " tag="010"><subfield code="a">sn 89078079 </subfield></datafield><datafield ind1=" " ind2=" " tag="040"><subfield code="a">PNN</subfield><subfield code="b">eng</subfield><subfield code="c">PNN</subfield><subfield code="d">OCLCQ</subfield></datafield><datafield ind1=" " ind2=" " tag="042"><subfield code="a">msc</subfield></datafield><datafield ind1="0" ind2="4" tag="245"><subfield code="a">Las escuelas de Ponce.</subfield></datafield><datafield ind1=" " ind2=" " tag="260"><subfield code="a">Ponce, P.R. :</subfield><subfield code="b">Escuela de Artes y Oficios</subfield></datafield><datafield ind1=" " ind2=" " tag="300"><subfield code="a">v.</subfield></datafield><datafield ind1="1" ind2=" " tag="362"><subfield code="a">Began in 1927.</subfield></datafield><datafield ind1=" " ind2=" " tag="500"><subfield code="a">&quot;Perio&#769;dico defensor de la instruccio&#769;n pu&#769;blica democra&#769;tica y gratuita para todos los nin&#771;os.&quot;</subfield></datafield><datafield ind1=" " ind2=" " tag="588"><subfield code="a">Description based on: An&#771;o 1, no. 10 (24 de jun. de 1927).</subfield></datafield><datafield ind1=" " ind2=" " tag="752"><subfield code="a">United States</subfield><subfield code="b">Puerto Rico</subfield><subfield code="d">Ponce.</subfield></datafield><datafield ind1="1" ind2=" " tag="029"><subfield code="a">AU@</subfield><subfield code="b">000025882510</subfield></datafield></record>